@misc{mit:pres,
  title = "Undriven LCR Circuits",
  howpublished = {\url{http://web.mit.edu/8.02t/www/materials/Presentations/Presentation_W13D1.pdf}},
  note = {Accessed: 2016-10-13}
}
@misc{wiki:LCR,
  title = "LCR Circuits",
  howpublished = {\url{https://www.wikiwand.com/en/RLC_circuit}},
  note = {Accessed: 2016-10-13}
}